@misc{unicef2018analisis,
  title={Un an{\'a}lisis de los datos del Programa {\guillemotleft}Las V{\'\i}ctimas Contra Las Violencias”},
  author={Unicef and others},
  year={2018},
  publisher={Serie}
}
}
@misc{contreras2016violencia,
  title={Violencia sexual en Latinoam{\'e}rica y el Caribe: an{\'a}lisis de datos secundarios. Iniciativa de Investigaci{\'o}n sobre la Violencia Sexual.},
  author={Contreras, Juan Manuel and Both, S and Guedes, A and Dartnall, E},
  year={2016}
}

@misc{vasallo2020linea137,
  title        = "Documental Línea 137",
  author       = "{Vassallo, L.}",
  producer = "{Vassallo L., Münzel Camaño, N. y Escudero Salinas, F.}",
  publisher = "{Argentina: Pensilvania Films y UNTREF Media.}",
  year         = 2020,
  }

  @article{ferris2002world,
  title={World Report on Violence and Health: Edited by Etienne G. Krug, Linda L. Dahlberg, James A. Mercy, Anthony Zwi and Rafael Lozano. Geneva: World Health Organization, 2002},
  author={Ferris, Lorraine E},
  journal={Canadian Journal of Public Health= Revue Canadienne de Sant{\'e} Publique},
  volume={93},
  number={6},
  pages={451},
  year={2002},
  publisher={Springer}
}

@misc{ufem_relevamiento,
  Author= {{Unidad Fiscal Especializada en Violencia contra las Mujeres (UFEM)}},
  Howpublished = {\url{https://www.mpf.gob.ar/ufem/violencia-sexual/}},
  Publisher = {{Ministerio Público Fiscal}},
  Title = {{Relevamiento de fuentes secundarias de datos sobre violencia sexual
Información a nivel nacional y de la Ciudad Autónoma de Buenos Aires}},
  Year = {2023}}

  @book{garcia2005multi,
  title={WHO multi-country study on women’s health and domestic violence against women},
  author={Garc{\'\i}a-Moreno, Claudia and Jansen, Henrica AFM and Ellsberg, Mary and Heise, Lori and Watts, Charlotte and others},
  year={2005},
  publisher={World Health Organization}
}

@book{segato2016guerra,
  title={La guerra contra las mujeres},
  author={Segato, Rita Laura},
  year={2016},
  publisher={Traficantes de sue{\~n}os}
}

@article{murphy2022unfounded,
  title={Unfounded sexual assault: Women’s experiences of not being believed by the police},
  author={Murphy-Oikonen, Jodie and McQueen, Karen and Miller, Ainsley and Chambers, Lori and Hiebert, Alexa},
  journal={Journal of interpersonal violence},
  volume={37},
  number={11-12},
  pages={NP8916--NP8940},
  year={2022},
  publisher={SAGE Publications Sage CA: Los Angeles, CA}
}

@article{rubin1976inference,
  title={Inference and missing data},
  author={Rubin, Donald B},
  journal={Biometrika},
  volume={63},
  number={3},
  pages={581--592},
  year={1976},
  publisher={Oxford University Press}
}

@misc{linea_137,
  Author= {{Ministerio de Justicia de la República Argentina}},
  Howpublished = {\url{https://www.argentina.gob.ar/noticias/nueva-linea-137-ampliacion-de-servicios-de-atencion-contra-las-violencias-y-para-el-acceso}},
  Publisher = {{Dirección de Comunicación Audiovisual en Contenidos de Justicia}},
  Title = {{Nueva Línea 137: ampliación de servicios de atención contra las violencias y para el acceso a derechos}},
  Year = {2022}}

