@misc{argentina2016analisis,
  title={Un an{\'a}lisis de los datos del programa “Las v{\'\i}ctimas contra las violencias”. Serie Violencia sexual contra ni{\~n}as, ni{\~n}os y adolescentes},
  author={Argentina, UNICEF},
  year={2016},
  publisher={Buenos Aires: UNICEF y Ministerio de Justicia de la Naci{\'o}n}
}
@misc{contreras2016violencia,
  title={Violencia sexual en Latinoam{\'e}rica y el Caribe: an{\'a}lisis de datos secundarios. Iniciativa de Investigaci{\'o}n sobre la Violencia Sexual.},
  author={Contreras, Juan Manuel and Both, S and Guedes, A and Dartnall, E},
  year={2016}
}

@movie{vasallo2020linea137,
  title =   {Línea 137 (documental)},
  producer= {Vassallo L., Münzel Camaño, N. y Escudero Salinas, F.},     
  director = {Vassallo, L.},
  year = {2020},
  publisher = {Argentina: Pensilvania Films y UNTREF Media.}
}